<record><leader>00000cas a22000007a 4500</leader><controlfield tag="001">15117203</controlfield><controlfield tag="008">870127d19231924inudr ne      0    0eng d</controlfield><datafield ind1=" " ind2=" " tag="010"><subfield code="a">sn 87055106 </subfield></datafield><datafield ind1=" " ind2=" " tag="040"><subfield code="a">NPI</subfield><subfield code="b">eng</subfield><subfield code="c">NPI</subfield><subfield code="d">OCL</subfield><subfield code="d">NVF</subfield><subfield code="d">OCLCQ</subfield></datafield><datafield ind1="0" ind2=" " tag="130"><subfield code="a">Daily news (Rochester, Ind.)</subfield></datafield><datafield ind1="1" ind2="0" tag="245"><subfield code="a">Daily news.</subfield></datafield><datafield ind1="1" ind2="3" tag="246"><subfield code="a">Rochester daily news</subfield></datafield><datafield ind1=" " ind2=" " tag="260"><subfield code="a">Rochester, Ind. :</subfield><subfield code="b">Van Trump Co.,</subfield><subfield code="c">1923-1924.</subfield></datafield><datafield ind1=" " ind2=" " tag="310"><subfield code="a">Daily</subfield></datafield><datafield ind1="0" ind2=" " tag="362"><subfield code="a">Vol. 38, no. 239 (Oct. 11, 1923)-v. 38, no. 282 (Nov. 29, 1924).</subfield></datafield><datafield ind1=" " ind2=" " tag="500"><subfield code="a">"Rochester" in title ornament.</subfield></datafield><datafield ind1=" " ind2=" " tag="580"><subfield code="a">Also published in a weekly edition.</subfield></datafield><datafield ind1=" " ind2=" " tag="752"><subfield code="a">United States</subfield><subfield code="b">Indiana</subfield><subfield code="c">Fulton</subfield><subfield code="d">Rochester.</subfield></datafield><datafield ind1="0" ind2="0" tag="780"><subfield code="t">Combined sun and Republican</subfield><subfield code="w">(DLC)sn 87055376</subfield></datafield><datafield ind1="0" ind2="7" tag="785"><subfield code="t">Rochester sentinel (Rochester, Ind. : 1913 : Daily)</subfield><subfield code="w">(DLC)sn 87055130</subfield><subfield code="w">(OCoLC)15118201</subfield></datafield><datafield ind1="0" ind2="7" tag="785"><subfield code="t">News-sentinel (Rochester, Ind.)</subfield><subfield code="w">(DLC)sn 87055129</subfield><subfield code="w">(OCoLC)15112345</subfield></datafield></record>